@book{tanenbaum2021,
  author    = {Andrew S. Tanenbaum and Herbert Bos},
  title     = {SISTEMAS OPERACIONAIS MODERNOS},
  year      = {2021},
  edition   = {4},
  publisher = {Pearson},
  address   = {Boston},
}

@article{embarcados2023,
  author    = {Embarcados},
  title     = {Condição de Corrida em Sistemas Embarcados},
  year      = {2023},
  url       = {https://embarcados.com.br/condicao-de-corrida-em-sistemas-embarcados/},
  note      = {Acesso em: 28 out. 2024}
}

@misc{nona2013,
  author       = {Jonatas Nona},
  title        = {UML e suas Aplicações},
  year         = {2013},
  url          = {https://gist.github.com/jonatasnona/5371859},
  note         = {Acesso em: 28 out. 2024}
}

