@book{tanenbaum2021,
  author    = {Andrew S. Tanenbaum and Herbert Bos},
  title     = {SISTEMAS OPERACIONAIS MODERNOS},
  year      = {2021},
  edition   = {4},
  publisher = {Pearson},
  address   = {Boston},
}

