@book{tanenbaum2021,
  author    = {Andrew S. Tanenbaum and Herbert Bos},
  title     = {SISTEMAS OPERACIONAIS MODERNOS},
  year      = {2021},
  edition   = {4},
  publisher = {Pearson},
  address   = {Boston},
}

@online{escolaLBK2024,
  title = {O que é Memória Virtual},
  author = {{Escola LBK}},
  year = {2024},
  url = {https://escolalbk.com.br/glossario/o-que-e-memoria-virtual/},
  note = {Acesso em: 12 nov. 2024}
}

@online{resumosLEIC,
  author = {{Resumos LEIC-A}},
  title = {Memória Virtual},
  url = {https://resumos.leic.pt/oc/memoria-virtual/},
  note = {Acesso em: 12 nov. 2024}
}

@misc{gomesAula18,
  author = {R. Gomes},
  title = {Aula 18 - Sistemas Operacionais: Memória Virtual},
  year = {2024},
  url = {http://www.inf.ufes.br/~rgomes/so_fichiers/aula18.pdf},
  note = {Acesso em: 12 nov. 2024}
}

@misc{profMoraesGerenciamento,
  author = {Prof. Clodoaldo Ap. Moraes Lima},
  title = {Gerenciamento de Memória},
  year = {2012},
  url = {https://thewaysx.wordpress.com/wp-content/uploads/2012/11/aula131.pdf},
  note = {Acesso em: 12 nov. 2024}
}

@online{techtargetTLB,
  author = {{TechTarget}},
  title = {Translation Lookaside Buffer (TLB)},
  url = {https://www.techtarget.com/whatis/definition/translation-look-aside-buffer-TLB},
  note = {Acesso em: 12 nov. 2024}
}

