@book{tanenbaum2021,
  author    = {Andrew S. Tanenbaum and Herbert Bos},
  title     = {SISTEMAS OPERACIONAIS MODERNOS},
  year      = {2021},
  edition   = {4},
  publisher = {Pearson},
  address   = {Boston},
}

@misc{borges2024,
  author       = {Borges, André},
  title        = {Capítulo 2: Processos},
  howpublished = {Instituto Nacional de Pesquisas Espaciais},
  year         = {2024},
  url          = {https://www.lncc.br/~borges/ist/SO1/antigo/cap2.pdf},
  note         = {Acesso em: 18 out. 2024}
}

@misc{geeksforgeeks2024,
  author       = {GeeksforGeeks},
  title        = {Relationship between User Level Thread and Kernel Level Thread},
  year         = {2024},
  url          = {https://www.geeksforgeeks.org/relationship-between-user-level-thread-and-kernel-level-thread/},
  note         = {Acesso em: 18 out. 2024}
}

