@book{tanenbaum2021,
  author    = {Andrew S. Tanenbaum and Herbert Bos},
  title     = {SISTEMAS OPERACIONAIS MODERNOS},
  year      = {2021},
  edition   = {4},
  publisher = {Pearson},
  address   = {Boston},
}

@book{ufsm2018,
  author    = {{Departamento de Eletrônica e Computação (UFSM)}},
  title     = {Sistemas Operacionais},
  year      = {2018},
  note      = {Disponível em: \url{https://www.ufsm.br/app/uploads/sites/413/2018/12/08_sistemas_operacionais.pdf}. Acesso em: 16 out. 2024},
  publisher = {Universidade Federal de Santa Maria (UFSM)},
  address   = {Santa Maria},
}

@online{gta_ufrj,
  author    = {{Grupo de Teleinformática e Automação (UFRJ)}},
  title     = {Definições e Conceitos sobre Sistemas Operacionais},
  year      = {2008},
  url       = {https://www.gta.ufrj.br/grad/08_1/virtual/DefinieseConceitos.html},
  note      = {Acesso em: 16 out. 2024},
}

@misc{univasf_microkernel,
  author    = {Andreza Leite},
  title     = {Aula 03 - Sistemas Operacionais: Estrutura de Sistemas Operacionais (Micronúcleos)},
  year      = {2020},
  url       = {http://www.univasf.edu.br/~andreza.leite/aulas/SO/Aula03.pdf},
  note      = {Acessado em: 17 out. 2024}
}

@misc{ufpr_sistemas_operacionais,
  author    = {Carlos Maziero},
  title     = {Sistemas Operacionais: Conceitos e Mecanismos},
  year      = {2016},
  url       = {https://wiki.inf.ufpr.br/maziero/lib/exe/fetch.php?media=socm:socm-livro.pdf},
  note      = {Acessado em: 17 out. 2024}
}